@phdthesis{Vieri99,
  author       = {Carlin Vieri},
  title        = {Reversible computer engineering and architecture},
  school       = {Massachusetts Institute of Technology, Cambridge, MA, {USA}},
  year         = {1999},
  url          = {https://hdl.handle.net/1721.1/80144},
  timestamp    = {Wed, 04 May 2022 12:58:32 +0200},
  biburl       = {https://dblp.org/rec/phd/ndltd/Vieri99.bib},
  bibsource    = {dblp computer science bibliography, https://dblp.org}
}

@inproceedings{vieri1998fully,
  title={A fully reversible asymptotically zero energy microprocessor},
  author={Vieri, Carlin and Ammer, M Josephine and Frank, Michael and Margolus, Norman and Knight, Tom},
  booktitle={Power Driven Microarchitecture Workshop},
  pages={138--142},
  year={1998}
}

@inproceedings{Ammer2007ASR,
  title={A scalable reversible computer in silicon?},
  author={Marcy Josephine Ammer and Michael P. Frank and Tom Knight and Nicole Love and Carlin and VieriMIT},
  year={2007}
}


@book{maxwell1872theory,
    title={Theory of Heat},
    author={Maxwell, J.C.},
    isbn={9780598862662},
    lccn={17004433},
    series={Text-books of science},
    url={https://books.google.it/books?id=TlaRDh1z3uMC},
    year={1872},
    publisher={Longmans, Green, and Company}
}

@article{Szilard1929berDE,
    title={{\"u}ber die Entropieverminderung in einem thermodynamischen System bei Eingriffen intelligenter Wesen},
    author={Leo Szilard},
    journal={Zeitschrift f{\"u}r Physik},
    year={1929},
    volume={53},
    pages={840-856}
}

@ARTICLE{5392446,
    author={Landauer, R.},
    journal={IBM Journal of Research and Development},
    title={Irreversibility and Heat Generation in the Computing Process},
    year={1961},
    volume={5},
    number={3},
    pages={183-191},
    doi={10.1147/rd.53.0183}
}

@article{doi:10.1063/1.881299,
    author = {Landauer,Rolf },
    title = {Information is Physical},
    journal = {Physics Today},
    volume = {44},
    number = {5},
    pages = {23-29},
    year = {1991},
    doi = {10.1063/1.881299},
    URL = {https://doi.org/10.1063/1.881299},
    eprint = {https://doi.org/10.1063/1.881299}
}




@inproceedings{DBLP:conf/rc/CauKH21,
    author    = {Cau, Antonio and Kuhn, Stefan and Hoey, James},
    editor    = {Shigeru Yamashita and Tetsuo Yokoyama},
    title     = {Reversibility of Executable Interval Temporal Logic Specifications},
    booktitle = {Reversible Computation - 13th International Conference, {RC} 2021, Virtual Event, July 7-8, 2021, Proceedings},
    series    = {Lecture Notes in Computer Science},
    volume    = {12805},
    pages     = {214--223},
    publisher = {Springer},
    year      = {2021},
    url       = {https://doi.org/10.1007/978-3-030-79837-6\_13},
    doi       = {10.1007/978-3-030-79837-6\_13},
    timestamp = {Wed, 14 Jul 2021 15:34:23 +0200},
    biburl    = {https://dblp.org/rec/conf/rc/CauKH21.bib},
    bibsource = {dblp computer science bibliography, https://dblp.org}
}

@Misc{CarneiroMaster,
    author	= {Carneiro, Mario},
    title		= {The Type Theory of Lean},
    note		= {Master thesis},
    year		= {2019},
    abstract	= {Meta-theoretic properties of Lean 3, including
    soundness.}
}

@unpublished{Carneiro-primrecMathlib,
    author = {Carneiro, Mario},
    title = {{computability.primrec}},
    note = {\url{https://leanprover-community.github.io/mathlib_docs/computability/primrec.html}},
}

@InProceedings{Carneiro19,
    author	= {Carneiro, Mario},
    title		= {Formalizing Computability Theory via Partial Recursive Functions},
    booktitle	= {10th International Conference on Interactive Theorem Proving, {ITP} 2019, September 9-12, 2019, Portland, OR, {USA}},
    pages		= {12:1--12:17},
    year		= {2019},
    doi		= {10.4230/LIPIcs.ITP.2019.12},
    timestamp	= {Fri, 27 Sep 2019 15:57:06 +0200},
    biburl	= {https://dblp.org/rec/conf/itp/Carneiro19.bib},
    bibsource	= {dblp computer science bibliography, https://dblp.org}
}

@inproceedings{MalettoR22,
    author    = {Maletto, G. and Roversi, L.},
    editor    = {{Claudio Antares Mezzina and Krzysztof Podlaski}},
    title     = {{Certifying Algorithms and Relevant Properties of Reversible Primitive Permutations with Lean}},
    booktitle = {{Reversible Computation - 14th International Conference, {RC} 2022, Urbino, Italy, July 5-6, 2022, Proceedings}},
    series    = {{Lecture Notes in Computer Science}},
    volume    = {13354},
    pages     = {111--127},
    publisher = {Springer},
    year      = {2022},
    doi       = {10.1007/978-3-031-09005-9\_8},
    timestamp = {Mon, 25 Jul 2022 08:39:15 +0200},
    biburl    = {https://dblp.org/rec/conf/rc/MalettoR22.bib},
    bibsource = {dblp computer science bibliography, https://dblp.org}
}

@unpublished{MalettoRPPLEAN2021,
    author = {Maletto, G.},
    title = {{RPP in LEAN}},
    version = {1.0},
    note = {\url{https://github.com/GiacomoMaletto/RPP/tree/main/Lean}},
}

@unpublished{MalettoBSc2021,
    author = {Maletto, G.},
    title = {{A Formal Verification of Reversible Primitive Permutations}},
    type = {BSc Thesis},
    institution = {},
    year = {},
    month = {},
    pagetotal = {62},
    note = {{BSc Thesis, Dipartimento di Matematica -- Torino, October 2021.} \url{https://github.com/GiacomoMaletto/RPP/tree/main/Tesi}},
}

@article{DBLP:journals/corr/Szudzik17,
    author    = {Szudzik, M. P.},
    title     = {{The Rosenberg-Strong Pairing Function}},
    journal   = {CoRR},
    volume    = {abs/1706.04129},
    year      = {2017},
    eprinttype = {arXiv},
    eprint    = {1706.04129},
    timestamp = {Mon, 13 Aug 2018 16:48:47 +0200},
    biburl    = {https://dblp.org/rec/journals/corr/Szudzik17.bib},
    bibsource = {dblp computer science bibliography, https://dblp.org}
}

@article{Cantor1878,
    author = {Cantor, G.},
    title = {Ein Beitrag zur Mannigfaltigkeitslehre},
    journal = {Journal f\"ur die reine und
    angewandte Mathematik},
    volume = {84},
    year = {1878},
    OPTpages = {242--258},
}

@InProceedings{Lean3,
    author="de Moura, Leonardo
    and Kong, Soonho
    and Avigad, Jeremy
    and van Doorn, Floris
    and von Raumer, Jakob",
    editor="Felty, Amy P.
    and Middeldorp, Aart",
    title="The Lean Theorem Prover (System Description)",
    booktitle="Automated Deduction - CADE-25",
    year="2015",
    publisher="Springer International Publishing",
    address="Cham",
    pages="378--388",
    isbn="978-3-319-21401-6"
}


@article{Asperti2007,
    author = {Asperti, A. and Sacerdoti Coen, C. and Tassi, E. and Zacchiroli, S.},
    title = {User Interaction with the Matita Proof Assistant},
    journal = {Journal of Automated Reasoning},
    date = {2007/08/01},
    editor = {Springer},
    volume = {39},
    issue = {2},
    month = {Aug.},
    year={2007},
    pages = {109--139},
    doi = {https://doi.org/10.1007/s10817-007-9070-5},
}

@article{2318_1734164MatosPaoliniRoversiTCSICTCS18,
    author = {Matos, A.  and Paolini, L. and Roversi, L.},
    title = {The fixed point problem of a simple reversible language},
    year = {2020},
    journal = {TCS},
    volume = {813},
    keywords = {Reversible computing, Fixed points, Decidability},
    doi = {https://doi.org/10.1016/j.tcs.2019.10.005},
    pages = {143--154}
}


@article{Paolini2018NGC,
    author = {Paolini, L.
    and Piccolo, M.
    and Roversi, L.},
    title = {On a Class of Reversible Primitive Recursive Functions and Its Turing-Complete Extensions},
    journal = {New Generation Computing},
    year = {2018},
    month = {July},
    day = {01},
    volume = {36},
    number = {3},
    pages = {233--256},
    issn = {1882-7055},
    doi = {10.1007/s00354-018-0039-1},
}

@Article{koz1972ail,
    author="Koz'minykh, V. V.",
    title="On the representation of partial recursive functions as superpositions",
    journal="Algebra and Logic",
    year="1972",
    volume="11",
    number="3",
    pages="153--167",
    issn="1573-8302",
    doi="10.1007/BF02218610",
    url="http://dx.doi.org/10.1007/BF02218610",
}

@article{PaoliniPiccoloRoversiICTCS2015,
    number = {18605},
    volume = {322},
    author = {Paolini, L. and Piccolo, M. and Roversi, L.},
    url = {http://dx.doi.org/10.1016/j.entcs.2016.03.016},
    title = {A Class of Reversible Primitive Recursive Functions},
    pages = {227--242},
    journal = {Electronic Notes in Theoretical Computer Science},
    doi = {10.1016/j.entcs.2016.03.016},
    year = {2016},
}

@article{cannonito1969jsl,
    author = "Cannonito, Frank B. and Finkelstein, Mark",
    journal = "Journal of Symbolic Logic",
    fjournal = "J. Symbolic Logic",
    month = "12",
    number = "4",
    pages = "634--638",
    publisher = "Association for Symbolic Logic",
    title = "On Primitive Recursive Permutations and their Inverses",
    url = "http://projecteuclid.org/euclid.jsl/1183736955",
    volume = "34",
    year = "1969"
}

@Article{koz1974ail,
    author="Koz'minykh, V. V.",
    title="Representation of partial recursive functions with certain conditions in the form of superpositions",
    journal="Algebra and Logic",
    volume="13",
    number="4",
    pages="238--240",
    issn="1573-8302",
    doi="10.1007/BF01463140",
    url="http://dx.doi.org/10.1007/BF01463140",
    year=1974,
}

@inproceedings{meyer1967acm,
    author = {Meyer, A. R. and Ritchie, D. M.},
    title = {The Complexity of Loop Programs},
    booktitle = {Proceedings of the 1967 22Nd National Conference},
    series = {ACM '67},
    year = {1967},
    location = {Washington, D.C., USA},
    pages = {465--469},
    numpages = {5},
    url = {http://doi.acm.org/10.1145/800196.806014},
    doi = {10.1145/800196.806014},
    acmid = {806014},
    publisher = {ACM},
    address = {New York, NY, USA},
}

@Unpublished{matos2016notes,
    author = 	 {Matos, A. B.},
    title = 	 {Register reversible languages},
    note = 	 {\newline Available at {\tt http://www.dcc.fc.up.pt/\textasciitilde acm/questionsv.pdf}},
    month = 	 {January},
    year = 	 2016}

@article{bennett1989siamjc,
    author = {Bennett, C. H. },
    title = {Time Space Trade-Offs for Reversible Computation},
    journal = {SIAM Journal on Computing},
    volume = {18},
    number = {4},
    pages = {766-776},
    year = {1989},
}

@Article{lecerf63,
    author = 	 {Lecerf, Y.},
    title = 	 {Machines de Turing r{\'e}versibles},
    journal = 	 {Comptes Rendus Hebdomadaires des S{\'e}ances de L'acad{\'e}mie des Sciences},
    year = 	 1963,
    volume = 	 257,
    pages = 	 {2597--2600}
}

@article{jacopini89tcs,
    author    = {Jacopini, J. and Mentrasti, P.},
    title     = {Generation of Invertible Functions},
    journal   = {Theor. Comput. Sci.},
    volume    = {66},
    number    = {3},
    pages     = {289--297},
    year      = {1989},
    doi       = {10.1016/0304-3975(89)90155-2},
    timestamp = {Wed, 07 Sep 2011 12:13:22 +0200},
    biburl    = {http://dblp.uni-trier.de/rec/bib/journals/tcs/JacopiniM89},
    bibsource = {dblp computer science bibliography, http://dblp.org}
}

@Article{kuznecov50sssr,
    author = 	 {Kuznecov, A. V.},
    title = 	 {On primitive recursive functions of large oscillation},
    journal = 	 {Doklady Akademii Nauk SSSR},
    year = 	 1950,
    volume = 	 71,
    pages = 	 {233--236},
    note = 	 {In russian.}
}

@Inbook{kalimullin03permutations,
    author="Kalimullin, Iskander",
    chapter="On Primitive Recursive Permutations",
    title="Computability and Models: Perspectives East and West",
    year="2003",
    publisher="Springer",
    pages="249--258",
    isbn="978-1-4615-0755-0",
    doi="10.1007/978-1-4615-0755-0_10",
    url="http://dx.doi.org/10.1007/978-1-4615-0755-0_10"
}


@inproceedings{axelsen11lncs,
    author = {Axelsen, Holger Bock and Gl\"{u}ck, Robert},
    title = {What Do Reversible Programs Compute?},
    booktitle = {14th International Conference on Foundations of Software Science and Computational Structures},
    year = {2011},
    volume={6604},
    xisbn = {978-3-642-19804-5},
    xlocation = {Saarbr\&\#252;cken, Germany},
    pages = {42-56},
    series    = {Lecture Notes in Computer Science},
    xnumpages = {15},
    publisher = {Springer},
    xaddress = {Berlin, Heidelberg},
}

@article{bennett73ibm,
    Author = {Bennett, Charles H.},
    Journal = {IBM J. Res. Develop.},
    Pages = {525-532},
    Title = {Logical Reversibility of Computation},
    Volume = {17},
    Year = 1973}



@article{jacopini93tcs,
    author    = {G. Jacopini and
    G. Sontacchi},
    title     = {General Recursive Functions in a Very Simply Interpretable Typed lambda-Calculus},
    journal   = {Theor. Comput. Sci.},
    volume    = {121},
    number    = {1{\&}2},
    pages     = {169--178},
    year      = {1993},
    url       = {http://dx.doi.org/10.1016/0304-3975(93)90088-B},
    doi       = {10.1016/0304-3975(93)90088-B},
    timestamp = {Wed, 07 Sep 2011 12:13:19 +0200},
    biburl    = {http://dblp.uni-trier.de/rec/bib/journals/tcs/JacopiniS93},
    bibsource = {dblp computer science bibliography, http://dblp.org}
}

@article{jacopini90siam,
    author    = {G. Jacopini and
    P. Mentrasti and
    G. Sontacchi},
    title     = {Reversible Turing Machines and Polynomial Time Reversibly Computable
    Functions},
    journal   = {{SIAM} J. Discrete Math.},
    volume    = {3},
    number    = {2},
    pages     = {241--254},
    year      = {1990},
    url       = {http://dx.doi.org/10.1137/0403020},
    doi       = {10.1137/0403020},
    timestamp = {Tue, 01 Feb 2011 14:01:41 +0100},
    biburl    = {http://dblp.uni-trier.de/rec/bib/journals/siamdm/JacopiniMS90},
    bibsource = {dblp computer science bibliography, http://dblp.org}
}

@Article{axelsen16acta,
    author="Axelsen, Holger Bock
    and Gl{\"u}ck, Robert",
    title="On reversible Turing machines and their function universality",
    journal="Acta Informatica",
    year="2016",
    month="Aug",
    day="01",
    volume="53",
    number="5",
    pages="509--543",
    issn="1432-0525",
    doi="10.1007/s00236-015-0253-y",
    url="https://doi.org/10.1007/s00236-015-0253-y"
}

@article {li1996royal,
    author = { Li, Ming and Vit\'{a}nyi, Paul },
    title = {Reversibility and adiabatic computation: trading time and space for energy},
    volume = 452,
    number = 1947,
    pages = {769--789},
    year = 1996,
    doi = {10.1098/rspa.1996.0039},
    publisher = {The Royal Society},
    issn = {1364-5021},
    URL = {http://rspa.royalsocietypublishing.org/content/452/1947/769},
    eprint = {http://rspa.royalsocietypublishing.org/content/452/1947/769.full.pdf},
    journal = {Proceedings of the Royal Society of London A: Mathematical, Physical and Engineering Sciences}
}



@book{DBLP:series/eatcs/Morita17,
    author    = {Kenichi Morita},
    title     = {Theory of Reversible Computing},
    series    = {Monographs in Theoretical Computer Science. An {EATCS} Series},
    publisher = {Springer},
    year      = {2017},
    doi       = {10.1007/978-4-431-56606-9},
    isbn      = {978-4-431-56604-5},
    timestamp = {Fri, 27 Mar 2020 08:31:50 +0100},
    biburl    = {https://dblp.org/rec/series/eatcs/Morita17.bib},
    bibsource = {dblp computer science bibliography, https://dblp.org}
}

@article{Morita2008101,
    title = "Reversible computing and cellular automata -- A survey ",
    journal = "Theoretical Computer Science ",
    volume = "395",
    number = "1",
    pages = "101 - 131",
    year = "2008",
    note = "",
    issn = "0304-3975",
    doi = "http://dx.doi.org/10.1016/j.tcs.2008.01.041",
    url = "http://www.sciencedirect.com/science/article/pii/S030439750800100X",
    author = "Kenichi Morita",
}

@inproceedings{toffoli80lncs,
    author    = {Tommaso Toffoli},
    title     = {Reversible Computing},
    pages     = {632-644},
    editor    = {J. W. de Bakker and
    Jan van Leeuwen},
    booktitle     = {Automata, Languages and Programming, 7th Colloquium, Noordweijkerhout,
    The Netherland, July 14-18, 1980, Proceedings},
    publisher = {Springer},
    series    = {Lecture Notes in Computer Science},
    volume    = {85},
    year      = {1980},
    isbn      = {3-540-10003-2},
}

@inproceedings{yokoyama08acm,
    author    = {Tetsuo Yokoyama and
    Holger Bock Axelsen and
    Robert Gl{\"u}ck},
    title     = {Principles of a reversible programming language},
    pages     = {43-54},
    editor    = {Alex Ram\'{\i}rez and
    Gianfranco Bilardi and
    Michael Gschwind},
    booktitle     = {Proceedings of the 5th Conference on Computing Frontiers,
    2008, Ischia, Italy, May 5-7, 2008},
    publisher = {ACM},
    year      = {2008},
    isbn      = {978-1-60558-077-7},
}

@article{guerriniMM15,
    author    = {Stefano Guerrini and
    Simone Martini and
    Andrea Masini},
    title     = {Towards {A} Theory Of Quantum Computability},
    journal   = {CoRR},
    volume    = {abs/1504.02817},
    year      = {2015},
    url       = {http://arxiv.org/abs/1504.02817},
    timestamp = {Sat, 02 May 2015 17:50:32 +0200},
    biburl    = {http://dblp.uni-trier.de/rec/bib/journals/corr/GuerriniMM15},
    bibsource = {dblp computer science bibliography, http://dblp.org}
}

@Article{zorzi14mscs,
    author = 	 {Margherita Zorzi},
    title = 	 {On Quantum Lambda Calculi: a Foundational Perspective},
    journal = 	 {Mathematical Structures in Computer Science},
    year = 	 2014,
    note = 	 {http://dx.doi.org/10.1017/S0960129514000425}
}

@article{giannini2015tcs,
    title = "Interactions between Computer Science and Biology ",
    journal = "Theoretical Computer Science ",
    volume = "587",
    number = "",
    pages = "1 - 2",
    year = "2015",
    note = "Interactions between Computer Science and Biology ",
    issn = "0304-3975",
    doi = "http://dx.doi.org/10.1016/j.tcs.2015.05.024",
    url = "http://www.sciencedirect.com/science/article/pii/S0304397515004399",
    author = "Paola Giannini and Emanuela Merelli and Angelo Troina"
}

@book{rogers1967theory,
    title={Theory of recursive functions and effective computability},
    author={Rogers, H.},
    lccn={lc65025921},
    series={McGraw-Hill series in higher mathematics},
    year={1967},
    publisher={McGraw-Hill}
}

@book{soare1987book,
    title={Recursively Enumerable Sets and Degrees: A Study of Computable Functions and Computably Generated Sets},
    author={Soare, R.I.},
    isbn={9783540152996},
    lccn={lc86033928},
    series={Perspectives in Mathematical Logic},
    url={http://books.google.it/books?id=9I7Pl00LU5gC},
    year={1987},
    publisher={Springer}
}

@book{rosenberg2009book,
    author = {Rosenberg, Arnold L.},
    title = {The Pillars of Computation Theory: State, Encoding, Nondeterminism},
    year = {2009},
    isbn = {0387096388, 9780387096384},
    edition = {1st},
    publisher = {Springer Publishing Company, Incorporated},
}

@book{cutland1980book,
    title={Computability: An Introduction to Recursive Function Theory},
    author={Cutland, N.},
    isbn={9780521294652},
    lccn={79051823},
    url={http://books.google.it/books?id=wAstOUE36kcC},
    year={1980},
    publisher={Cambridge University Press}
}

@book{odifreddi1989book,
    title={Classical recursion theory: the theory of functions and sets of natural numbers},
    author={Odifreddi, P.},
    isbn={9780444872951},
    lccn={88033481},
    series={Studies in logic and the foundations of mathematics},
    url={https://books.google.it/books?id=Mt3uAAAAMAAJ},
    year={1989},
    publisher={North-Holland}
}



@InProceedings{2021-LEAN4-MouraUllrich,
    author="Moura, Leonardo de
    and Ullrich, Sebastian",
    editor="Platzer, Andr{\'e}
    and Sutcliffe, Geoff",
    title={{The Lean 4 Theorem Prover and Programming Language}},
    booktitle="Automated Deduction -- CADE 28",
    year="2021",
    publisher="Springer International Publishing",
    address="Cham",
    pages="625--635",
    isbn="978-3-030-79876-5"
}

@inproceedings{paoliniTYPES2015,
    volume = {69},
    author = {Luca Paolini and Mauro Piccolo and Luca Roversi},
    series = {LIPIcs},
    booktitle = {{TYPES 2015} postproceedings},
    editor = {Tarmo Uustalu},
    tag = {{LIPIcs}},
    title = {A certified study of a reversible programming language},
    localfile = {http://www.di.unito.it/~paolini/papers/2015types.pdf},
    publisher = {Schloss Dagstuhl - Leibniz-Zentrum fuer Informatik, Germany},
    year = 2017
}

@article{SchordanOJB18,
  author    = {M. Schordan and
               T. Oppelstrup and
               D. R. Jefferson and
               P. D. Barnes Jr.},
  title     = {Generation of Reversible {C++} Code for Optimistic Parallel Discrete
               Event Simulation},
  journal   = {New Gener. Comput.},
  volume    = {36},
  number    = {3},
  pages     = {257--280},
  year      = {2018},
  url       = {https://doi.org/10.1007/s00354-018-0038-2},
  doi       = {10.1007/s00354-018-0038-2},
  timestamp = {Thu, 14 May 2020 22:23:58 +0200},
  biburl    = {https://dblp.org/rec/journals/ngc/SchordanOJB18.bib},
  bibsource = {dblp computer science bibliography, https://dblp.org}
}


@Inbook{Schordan2020,
author="Schordan, M.
and Oppelstrup, T.
and Thomsen, M. K.
and Gl{\"u}ck, R.",
editor="Ulidowski, I.
and Lanese, I.
and Schultz, U. P.
and Ferreira, C.",
title="Reversible Languages and Incremental State Saving in Optimistic Parallel Discrete Event Simulation",
bookTitle="Reversible Computation: Extending Horizons of Computing: Selected Results of the COST Action IC1405",
year="2020",
publisher="Springer International Publishing",
address="Cham",
pages="187--207",
isbn="978-3-030-47361-7",
doi="10.1007/978-3-030-47361-7_9",
url="https://doi.org/10.1007/978-3-030-47361-7_9"
}


@inproceedings{DBLP:journals/entcs/CaretteCCS18,
	author    = {Jacques Carette and
	Chao{-}Hong Chen and
	Vikraman Choudhury and
	Amr Sabry},
	editor    = {Sam Staton},
	title     = {From Reversible Programs to Univalent Universes and Back},
	booktitle = {Proceedings of the Thirty-Fourth Conference on the Mathematical Foundations
	of Programming Semantics, {MFPS} 2018, Dalhousie University, Halifax,
	Canada, June 6-9, 2018},
	series    = {Electronic Notes in Theoretical Computer Science},
	volume    = {341},
	pages     = {5--25},
	publisher = {Elsevier},
	year      = {2018},
	url       = {https://doi.org/10.1016/j.entcs.2018.03.013},
	doi       = {10.1016/j.entcs.2018.03.013},
	timestamp = {Sat, 05 Sep 2020 17:51:10 +0200},
	biburl    = {https://dblp.org/rec/journals/entcs/CaretteCCS18.bib},
	bibsource = {dblp computer science bibliography, https://dblp.org}
}

@inproceedings{DBLP:conf/popl/JamesS12,
	author    = {Roshan P. James and
	Amr Sabry},
	editor    = {John Field and
	Michael Hicks},
	title     = {Information effects},
	booktitle = {Proceedings of the 39th {ACM} {SIGPLAN-SIGACT} Symposium on Principles
	of Programming Languages, {POPL} 2012, Philadelphia, Pennsylvania,
	USA, January 22-28, 2012},
	pages     = {73--84},
	publisher = {{ACM}},
	year      = {2012},
	url       = {https://doi.org/10.1145/2103656.2103667},
	doi       = {10.1145/2103656.2103667},
	timestamp = {Sat, 05 Sep 2020 17:56:56 +0200},
	biburl    = {https://dblp.org/rec/conf/popl/JamesS12.bib},
	bibsource = {dblp computer science bibliography, https://dblp.org}
}

@article{BOITEN1992139,
	title = "Improving recursive functions by inverting the order of evaluation",
	journal = "Science of Computer Programming",
	volume = "18",
	number = "2",
	pages = "139 - 179",
	year = "1992",
	issn = "0167-6423",
	doi = "https://doi.org/10.1016/0167-6423(92)90008-Y",
	url = "http://www.sciencedirect.com/science/article/pii/016764239290008Y",
	author = "Eerke A. Boiten",
}

@article{GIRARD19871,
	title = "Linear logic",
	journal = "Theoretical Computer Science",
	volume = "50",
	number = "1",
	pages = "1 - 101",
	year = "1987",
	issn = "0304-3975",
	doi = "https://doi.org/10.1016/0304-3975(87)90045-4",
	url = "http://www.sciencedirect.com/science/article/pii/0304397587900454",
	author = "Jean-Yves Girard",
}

@online{Javacode,
	author = {Roversi, L. and Matos, A. and Paolini, L.},
	title = {Eclipse JAVA Project Rev2IterRev},
	note = {\url{https://github.com/LucaRoversi/Rec2IterRev}},
}

@online{Yarel,
	author = {Luca Roversi\&C.},
	title = {\textsf{Yarel}},
	url = {http://yarel.di.unito.it},
	note = {\url{http://yarel.di.unito.it}},
}

@Article{paolini2017ngc,
	author="Paolini, Luca
	and Piccolo, Mauro
	and Roversi, Luca",
	title="On a Class of Reversible Primitive Recursive Functions and Its Turing-Complete Extensions",
	journal="New Generation Computing",
	year="2018",
	month="Jul",
	day="01",
	volume="36",
	number="3",
	pages="233--256",
	issn="1882-7055",
	doi="10.1007/s00354-018-0039-1",
}


@book{perumalla2013chc,
	title={Introduction to Reversible Computing},
	author={Perumalla,  Kalyan S.},
	isbn={9781439873403},
	lccn={2013028511},
	series={Chapman \& Hall/CRC Computational Science},
	year={2013},
	publisher={Taylor \& Francis}
}

@book{Gries1981,
	author = {David Gries},
	title = {The Science of Programming},
	date = {1981},
	series = {Texts and Monographs in Computer Science},
	publisher = {Springer, New York, NY},
	isbn = {978-0-387-96480-5},
	doi = {https://doi.org/10.1007/978-1-4612-5983-1},
	url = {https://link.springer.com/book/10.1007%2F978-1-4612-5983-1#about},
}

@article{10.1093/comjnl/bxm116,
	author = {Rice, J. E.},
	title = "{An Introduction to Reversible Latches}",
	journal = {The Computer Journal},
	volume = {51},
	number = {6},
	pages = {700-709},
	year = {2008},
	month = {01},
	abstract = "{Reversible logic has been suggested as one solution to the problem of power consumption in today's electronic devices. This paper addresses the issue of designing reversible latches and provides an overview and analysis of some proposed designs.}",
	issn = {0010-4620},
	doi = {10.1093/comjnl/bxm116},
	url = {https://doi.org/10.1093/comjnl/bxm116},
	eprint = {https://academic.oup.com/comjnl/article-pdf/51/6/700/1102380/bxm116.pdf},
}


@book{DBLP:books/daglib/0025734,
    author    = {De Vos, Alexis},
    title     = {Reversible Computing - Fundamentals, Quantum Computing, and Applications},
    publisher = {Wiley},
    year      = {2010},
    isbn      = {978-3-527-40992-1},
    timestamp = {Tue, 15 Mar 2011 15:56:42 +0100},
    biburl    = {https://dblp.org/rec/books/daglib/0025734.bib},
    bibsource = {dblp computer science bibliography, https://dblp.org}
}

@book{Salee-book:92635190,
    title =     {Reversible Logic Synthesis Methodologies with Application to Quantum Computing},
    author =    {Saleem Mohammed Ridha Taha},
    publisher = {Springer},
    isbn =      {9783319234793; 331923479X},
    year =      {2016},
    url =       {libgen.li/file.php?md5=204fd5d5cfe89b074cc43e66545d8369}
}

@book{Babu-book:93739711,
    title =     {Reversible and DNA Computing},
    author =    {Hafiz M. D. Hasan Babu},
    isbn =      {9781119679424; 1119679427; 9781119679363; 1119679362; 9781119679431; 1119679435},
    url =       {libgen.li/file.php?md5=2debf3b826f2ba2909c6c9a7295e3103}}


@article{DBLP:journals/corr/abs-cs-0504088-Vitanyi,
	author    = {Paul M. B. Vit{\'{a}}nyi},
	title     = {Time, Space, and Energy in Reversible Computing},
	journal   = {CoRR},
	volume    = {abs/cs/0504088},
	year      = {2005},
	url       = {http://arxiv.org/abs/cs/0504088},
	archivePrefix = {arXiv},
	eprint    = {cs/0504088},
	timestamp = {Mon, 13 Aug 2018 16:47:40 +0200},
	biburl    = {https://dblp.org/rec/journals/corr/abs-cs-0504088.bib},
	bibsource = {dblp computer science bibliography, https://dblp.org}
}


@article{matos03tcs,
    author    = { Matos, Armando B.},
    title     = {Linear programs in a simple reversible language},
    journal   = {Theor. Comput. Sci.},
    volume    = {290},
    number    = {3},
    pages     = {2063--2074},
    year      = {2003},
    doi       = {10.1016/S0304-3975(02)00486-3},
    timestamp = {Wed, 07 Sep 2011 12:13:21 +0200},
    biburl    = {http://dblp.uni-trier.de/rec/bib/journals/tcs/Matos03},
    bibsource = {dblp computer science bibliography, http://dblp.org}
}


@InProceedings{MatosRC2020,
	author="Matos, Armando B.
	and Paolini, Luca
	and Roversi, Luca",
	editor="Lanese, Ivan
	and Rawski, Mariusz",
	title="On the Expressivity of Total Reversible Programming Languages",
	booktitle="Reversible Computation",
	year="2020",
	publisher="Springer International Publishing",
	address="Cham",
	pages="128--143",
	isbn="978-3-030-52482-1"
}


@article{DBLP:journals/mvl/YokoyamaAG12,
	author    = {Tetsuo Yokoyama and
	Holger Bock Axelsen and
	Robert Gl{\"{u}}ck},
	title     = {Optimizing Reversible Simulation of Injective Functions},
	journal   = {J. Multiple Valued Log. Soft Comput.},
	volume    = {18},
	number    = {1},
	pages     = {5--24},
	year      = {2012},
	url       = {http://www.oldcitypublishing.com/journals/mvlsc-home/mvlsc-issue-contents/mvlsc-volume-18-number-1-2012/mvlsc-18-1-p-5-24/},
	timestamp = {Thu, 02 Apr 2020 08:38:27 +0200},
	biburl    = {https://dblp.org/rec/journals/mvl/YokoyamaAG12.bib},
	bibsource = {dblp computer science bibliography, https://dblp.org}
}

@article{DBLP:journals/ijfcs/AxelsenHK17,
  author    = {Holger Bock Axelsen and
               Markus Holzer and
               Martin Kutrib},
  title     = {The Degree of Irreversibility in Deterministic Finite Automata},
  journal   = {Int. J. Found. Comput. Sci.},
  volume    = {28},
  number    = {5},
  pages     = {503--522},
  year      = {2017},
  url       = {https://doi.org/10.1142/S0129054117400044},
  doi       = {10.1142/S0129054117400044},
  timestamp = {Mon, 26 Oct 2020 08:56:55 +0100},
  biburl    = {https://dblp.org/rec/journals/ijfcs/AxelsenHK17.bib},
  bibsource = {dblp computer science bibliography, https://dblp.org}
}

@article{DBLP:journals/tcs/PaoliniPR20,
	author    = {Luca Paolini and
		Mauro Piccolo and
		Luca Roversi},
	title     = {A class of Recursive Permutations which is Primitive Recursive complete},
	journal   = {Theor. Comput. Sci.},
	volume    = {813},
	pages     = {218--233},
	year      = {2020},
	doi       = {10.1016/j.tcs.2019.11.029},
	timestamp = {Fri, 27 Mar 2020 08:39:38 +0100},
	biburl    = {https://dblp.org/rec/journals/tcs/PaoliniPR20.bib},
	bibsource = {dblp computer science bibliography, https://dblp.org}
}

