@comment{Per piacere, INSERIAMO i bibtex ordinati sul PRIMO AUTORE !!!}


@article{theoremprovinglean,
    author = {Jeremy Avigad and Leonardo de Moura and Soonho Kong},
    title = {Theorem Proving in Lean},
    year = {2021},
    journal = {Online: \url{https://leanprover.github.io/theorem_proving_in_lean}}
}

@article{mathlib,
    title = {Mathlib Github Repository},
    journal = {Online: \url{https://github.com/leanprover-community/mathlib}},
    date = {2021-10-16},
}

@article{mathlibsimp,
    title = {Documentation for \lstinline{simp}},
    journal = {Online: \url{https://leanprover-community.github.io/extras/simp.html}},
    date = {2021-10-16}
}


@book            {Pierce:SF1,
    author       =   {Benjamin C. Pierce and
                      Arthur Azevedo de Amorim and
                      Chris Casinghino and
                      Marco Gaboardi and
                      Michael Greenberg and
                      Cătălin Hriţcu and
                      Vilhelm Sjöberg and
                      Brent Yorgey},
    editor       =   {Benjamin C. Pierce},
    title        =   "Logical Foundations",
    series       =   "Software Foundations",
    volume       =   "1",
    year         =   "2021",
    publisher    =   "Electronic textbook",
    note         =   {Version 6.1, \url{http://softwarefoundations.cis.upenn.edu}}
    }


@inproceedings{aaronson17lipics,
  author    = {Scott Aaronson and
               Daniel Grier and
               Luke Schaeffer},
  title     = {The Classification of Reversible Bit Operations},
  booktitle = {8th Innovations in Theoretical Computer Science Conference, {ITCS}
               2017, January 9-11, 2017, Berkeley, CA, {USA}},
 editor    = {Christos H. Papadimitriou},
  pages     = {23:1--23:34},
  year      = 2017,
 publisher = {Schloss Dagstuhl - Leibniz-Zentrum fuer Informatik},
 series    = {LIPIcs},
  url       = {https://doi.org/10.4230/LIPIcs.ITCS.2017.23},
  doi       = {10.4230/LIPIcs.ITCS.2017.23},
  isbn      = {978-3-95977-029-3},
    volume    = 67,
}

@Book{abdessaied16book,
  author = 	 {Nabila Abdessaied and Rolf Drechsler},
  title = 	 {Reversible and Quantum Circuits: Optimization and Complexity Analysis },
  publisher = 	 {Springer International Publishing},
  year = 	 2016}

@article{cpdtbook,
    author = {Adam Chlipala},
    title = {Certified programming with dependent types},
    publisher = {MIT Press},
    year = 2013,
    journal = {Online: \url{http://adam.chlipala.net/cpdt}},
    isbn = 9780262026659,}

@article{Aguzzi1981,
author = {Aguzzi, Gianni},
journal = {RAIRO - Theoretical Informatics and Applications - Informatique Th\'eorique et Applications},
keywords = {Markov algorithms; invertible pointer algorithms; bijective functions over recursive domains},
language = {eng},
number = {3},
pages = {253-279},
publisher = {EDP Sciences},
title = {The theory of invertible algorithms},
url = {http://eudml.org/doc/92144},
volume = {15},
year = {1981},
}

@inproceedings{axelsen11lncs,
 author = {Axelsen, Holger Bock and Gl\"{u}ck, Robert},
 title = {What Do Reversible Programs Compute?},
 booktitle = {14th International Conference on Foundations of Software Science and Computational Structures},
 year = {2011},
 volume={6604},
 xisbn = {978-3-642-19804-5},
 xlocation = {Saarbr\&\#252;cken, Germany},
 pages = {42-56}, 
 series    = {Lecture Notes in Computer Science},
 xnumpages = {15},
 publisher = {Springer},
 xaddress = {Berlin, Heidelberg},
} 

@Article{axelsen16acta,
author="Axelsen, Holger Bock
and Gl{\"u}ck, Robert",
title="On reversible Turing machines and their function universality",
journal="Acta Informatica",
year="2016",
month="Aug",
day="01",
volume="53",
number="5",
pages="509--543",
issn="1432-0525",
doi="10.1007/s00236-015-0253-y",
url="https://doi.org/10.1007/s00236-015-0253-y"
}


@article{backus1978acm,
 author = {Backus, John},
 title = {Can Programming Be Liberated from the Von Neumann Style?: A Functional Style and Its Algebra of Programs},
 journal = {Commun. ACM},
 issue_date = {Aug. 1978},
 volume = {21},
 number = {8},
 month = aug,
 year = {1978},
 issn = {0001-0782},
 pages = {613--641},
 numpages = {29},
 url = {http://doi.acm.org/10.1145/359576.359579},
 doi = {10.1145/359576.359579},
 acmid = {359579},
 publisher = {ACM},
 address = {New York, NY, USA},
 keywords = {algebra of programs, applicative computing systems, applicative state transition systems, combining forms, functional forms, functional programming, metacomposition, models of computing systems, program correctness, program termination, program transformation, programming languages, von Neumann computers, von Neumann languages},
} 

@book{barr90book,
  title={Category Theory for Computing Science},
  author={Barr, M. and Wells, C.},
  isbn={9780131204867},
  lccn={89003450},
  series={Prentice Hall international series computer science},
  url={http://books.google.it/books?id=q-BQAAAAMAAJ},
  year={1990},
  publisher={Prentice Hall}
}


@article{bennett73ibm,
Author = {Bennett, Charles H.},
Journal = {IBM J. Res. Develop.},
Pages = {525-532},
Title = {Logical Reversibility of Computation},
Volume = {17},
Year = 1973}





@article{bennett1989siamjc,
author = {Bennett, Charles H. },
title = {Time Space Trade-Offs for Reversible Computation},
journal = {SIAM Journal on Computing},
volume = {18},
number = {4},
pages = {766-776},
year = {1989},
}



 @book{bourbaki1939ensembles, 
   author = {Bourbaki, Nicolas}, 
   title = {{Théorie des ensembles}}, 
   publisher = {Hermann}, 
   series = {Hochschul Taschenbuch}, 
   year = {2003}, 
   address = {Paris}, 
   url = {http://tomlr.free.fr/Math%E9matiques/Bourbaki/Theorie%20Des%20Ensembles.pdf}, 
   quality = {5}, 
   note = {}
 }

 
@Book{bourbaki1968set,
  author = 	 {Bourbaki, Nicolas},
  title = 	 { Elements of mathematics. Theory of sets},
  publisher = 	 { Addison-Wesley},
  year = 	 1968,
  note = 	 {Translated from the French}}



@InProceedings{buhrman2001lncs,
author="Buhrman, Harry
and Tromp, John
and Vit\'{a}nyi, Paul",
editor="Orejas, Fernando
and Spirakis, Paul G.
and van Leeuwen, Jan",
title="Time and Space Bounds for Reversible Simulation",
booktitle="Automata, Languages and Programming",
year=2001,
publisher="Springer Berlin Heidelberg",
address="Berlin, Heidelberg",
pages="1017--1027",
}



@article{buhrman2001JPh,
  author={Harry Buhrman and John Tromp and Paul Vit\'{a}nyi},
  title={Time and space bounds for reversible simulation},
  journal={Journal of Physics A: Mathematical and General},
  volume=34,
  number=35,
  pages=6821,
  url={http://stacks.iop.org/0305-4470/34/i=35/a=308},
  year=2001,}


@Article{burroni1986,
  author = 	 {Burroni, Albert},
  title = 	 {R\'ecursivit\'e graphique (1e partie) : cat\'egorie des fonctions r\'ecursives primitives formelles},
  journal = 	 {Cahiers de Topologie et G\'eom\'etrie Diff\'erentielle Cat\'egoriques },
  year = 	 1986,
  volume = 	 27,
  number = 	 1,
  pages = 	 {49--79}}

@article{burroni1993tcs,
title = "Higher-dimensional word problems with applications to equational logic",
journal = "Theoretical Computer Science",
volume = "115",
number = "1",
pages = "43 - 62",
year = "1993",
issn = "0304-3975",
doi = "https://doi.org/10.1016/0304-3975(93)90054-W",
url = "http://www.sciencedirect.com/science/article/pii/030439759390054W",
author = "Albert Burroni"
}

@article{cannonito1969jsl,
author = "Cannonito, Frank B. and Finkelstein, Mark",
journal = "Journal of Symbolic Logic",
fjournal = "J. Symbolic Logic",
month = "12",
number = "4",
pages = "634--638",
publisher = "Association for Symbolic Logic",
title = "On Primitive Recursive Permutations and their Inverses",
url = "http://projecteuclid.org/euclid.jsl/1183736955",
volume = "34",
year = "1969"
}

@InProceedings{	  Carneiro19,
  author	= {Mario Carneiro},
  title		= {Formalizing Computability Theory via Partial Recursive
		  Functions},
  booktitle	= {10th International Conference on Interactive Theorem
		  Proving, {ITP} 2019, September 9-12, 2019, Portland, OR,
		  {USA}},
  pages		= {12:1--12:17},
  year		= {2019},
  url		= {https://doi.org/10.4230/LIPIcs.ITP.2019.12},
  doi		= {10.4230/LIPIcs.ITP.2019.12},
  timestamp	= {Fri, 27 Sep 2019 15:57:06 +0200},
  biburl	= {https://dblp.org/rec/conf/itp/Carneiro19.bib},
  bibsource	= {dblp computer science bibliography, https://dblp.org}
}

@Misc{		  CarneiroMaster,
  author	= {Mario Carneiro},
  title		= {The Type Theory of Lean},
  eprint	= {https://github.com/digama0/lean-type-theory/releases},
  note		= {Master thesis},
  year		= {2019},
  abstract	= {Meta-theoretic properties of Lean 3, including
		  soundness.}
}

@book{cutland1980book,
  title={Computability: An Introduction to Recursive Function Theory},
  author={Cutland, N.},
  isbn={9780521294652},
  lccn={79051823},
  url={http://books.google.it/books?id=wAstOUE36kcC},
  year={1980},
  publisher={Cambridge University Press}
}

@book{davis1994book,
 author = {Davis, Martin D. and Sigal, Ron and Weyuker, Elaine J.},
 title = {Computability, Complexity, and Languages (2Nd Ed.): Fundamentals of Theoretical Computer Science},
 year = {1994},
 isbn = {0-12-206382-1},
 publisher = {Academic Press Professional, Inc.},
 address = {San Diego, CA, USA},
} 


@Proceedings{DeVos12rc,
  title = 	 {Third International Workshop on Reversible Computing, RC 2011},
  year = 	 2012,
  editor = 	 {De Vos, Alexis and  Wille, Robert},
  volume = 	 7165,
  series = 	 {Lecture Notes in Computer Science},
  publisher = {Springer}}


@book{DeVos2010book,
 author = {Vos, Alexis De},
 title = {Reversible Computing: Fundamentals, Quantum Computing, and Applications},
 year = {2010},
 isbn = {3527409920, 9783527409921},
 publisher = {Wiley-VCH},
} 

@article{dougdad,
    author = {Woos, Doug},
    journal = {Online: \url{http://jamesrwilcox.com/dep-destruct.html}}
}

@article{quanta,
    author= {Hartnett, Kevin},
    title = {Proof Assistant Makes Jump to Big-League Math},
    journal = {Online: \url{https://www.quantamagazine.org/lean-computer-program-confirms-peter-scholze-proof-20210728/}}
}

@article{ints,
    author= {Garavel, Hubert },
    title = {On the Most Suitable Axiomatization of Signed Integers.},
    journal = {Online: \url{https://hal.inria.fr/hal-01667321/document}}
}

@inproceedings{DBLP:conf/rc/MatosPR21,
  author    = {Armando B. Matos and
               Luca Paolini and
               Luca Roversi},
  editor    = {Shigeru Yamashita and
               Tetsuo Yokoyama},
  title     = {Splitting Recursion Schemes into Reversible and Classical Interacting
               Threads},
  booktitle = {Reversible Computation - 13th International Conference, {RC} 2021,
               Virtual Event, July 7-8, 2021, Proceedings},
  series    = {Lecture Notes in Computer Science},
  volume    = {12805},
  pages     = {204--213},
  publisher = {Springer},
  year      = {2021},
  url       = {https://doi.org/10.1007/978-3-030-79837-6\_12},
  doi       = {10.1007/978-3-030-79837-6\_12},
  timestamp = {Tue, 13 Jul 2021 13:27:58 +0200},
  biburl    = {https://dblp.org/rec/conf/rc/MatosPR21.bib},
  bibsource = {dblp computer science bibliography, https://dblp.org}
}

@article{fredkin82ijtp,
year={1982},
issn={0020-7748},
journal={International Journal of Theoretical Physics},
volume={21},
number={3-4},
doi={10.1007/BF01857727},
title={Conservative logic},
url={http://dx.doi.org/10.1007/BF01857727},
publisher={Kluwer Academic Publishers-Plenum Publishers},
author={Fredkin, Edward and Toffoli, Tommaso},
pages={219-253},
language={English}
}

@article{giannini2015tcs,
title = "Interactions between Computer Science and Biology ",
journal = "Theoretical Computer Science ",
volume = "587",
number = "",
pages = "1 - 2",
year = "2015",
note = "Interactions between Computer Science and Biology ",
issn = "0304-3975",
doi = "http://dx.doi.org/10.1016/j.tcs.2015.05.024",
url = "http://www.sciencedirect.com/science/article/pii/S0304397515004399",
author = "Paola Giannini and Emanuela Merelli and Angelo Troina"
}

@article{guerriniMM15,
  author    = {Stefano Guerrini and
               Simone Martini and
               Andrea Masini},
  title     = {Towards {A} Theory Of Quantum Computability},
  journal   = {CoRR},
  volume    = {abs/1504.02817},
  year      = {2015},
  url       = {http://arxiv.org/abs/1504.02817},
  timestamp = {Sat, 02 May 2015 17:50:32 +0200},
  biburl    = {http://dblp.uni-trier.de/rec/bib/journals/corr/GuerriniMM15},
  bibsource = {dblp computer science bibliography, http://dblp.org}
}


@inproceedings{James2014TheseusAH,
	title={Theseus: A High Level Language for Reversible Computing},
	booktitle={Work-in-progress Report for the Conference on Reversible Computation},
	author={Roshan P. James and Amr Sabry and Jane Street},
	year=2014
}

@inproceedings{DBLP:conf/popl/JamesS12,
  author    = {Roshan P. James and
               Amr Sabry},
  title     = {Information effects},
  booktitle = {Proceedings of the 39th {ACM} {SIGPLAN-SIGACT} Symposium on Principles
               of Programming Languages, {POPL} 2012, Philadelphia, Pennsylvania,
               USA, January 22-28, 2012},
  pages     = {73--84},
  year      = {2012},
  url       = {http://doi.acm.org/10.1145/2103656.2103667},
  doi       = {10.1145/2103656.2103667},
}

@book{halmos1960book,
  title={Naive Set Theory},
  author={Halmos, P.R.},
  isbn={9780387900926},
  lccn={74010687},
  series={Undergraduate Texts in Mathematics},
  url={http://books.google.it/books?id=x6cZBQ9qtgoC},
  year={1960},
  publisher={Springer}
}

@book{hopcroft2006book,
 author = {Hopcroft, John E. and Motwani, Rajeev and Ullman, Jeffrey D.},
 title = {Introduction to Automata Theory, Languages, and Computation (3rd Edition)},
 year = {2006},
 isbn = {0321455363},
 publisher = {Addison-Wesley Longman Publishing Co., Inc.},
 address = {Boston, MA, USA},
} 


@article{jacopini93tcs,
  author    = {G. Jacopini and
               G. Sontacchi},
  title     = {General Recursive Functions in a Very Simply Interpretable Typed lambda-Calculus},
  journal   = {Theor. Comput. Sci.},
  volume    = {121},
  number    = {1{\&}2},
  pages     = {169--178},
  year      = {1993},
  url       = {http://dx.doi.org/10.1016/0304-3975(93)90088-B},
  doi       = {10.1016/0304-3975(93)90088-B},
  timestamp = {Wed, 07 Sep 2011 12:13:19 +0200},
  biburl    = {http://dblp.uni-trier.de/rec/bib/journals/tcs/JacopiniS93},
  bibsource = {dblp computer science bibliography, http://dblp.org}
}

@article{jacopini90siam,
  author    = {G. Jacopini and
               P. Mentrasti and
               G. Sontacchi},
  title     = {Reversible Turing Machines and Polynomial Time Reversibly Computable
               Functions},
  journal   = {{SIAM} J. Discrete Math.},
  volume    = {3},
  number    = {2},
  pages     = {241--254},
  year      = {1990},
  url       = {http://dx.doi.org/10.1137/0403020},
  doi       = {10.1137/0403020},
  timestamp = {Tue, 01 Feb 2011 14:01:41 +0100},
  biburl    = {http://dblp.uni-trier.de/rec/bib/journals/siamdm/JacopiniMS90},
  bibsource = {dblp computer science bibliography, http://dblp.org}
}

@article{jacopini90tcs,
  author    = {G. Jacopini and
               G. Sontacchi},
  title     = {Reversible Parallel Computation: An Evolving Space-Model},
  journal   = {Theor. Comput. Sci.},
  volume    = {73},
  number    = {1},
  pages     = {1--46},
  year      = {1990},
  url       = {http://dx.doi.org/10.1016/0304-3975(90)90160-J},
  doi       = {10.1016/0304-3975(90)90160-J},
  timestamp = {Wed, 07 Sep 2011 12:13:21 +0200},
  biburl    = {http://dblp.uni-trier.de/rec/bib/journals/tcs/JacopiniS90},
  bibsource = {dblp computer science bibliography, http://dblp.org}
}


@article{jacopini89tcs,
  author    = {G. Jacopini and
               P. Mentrasti},
  title     = {Generation of Invertible Functions},
  journal   = {Theor. Comput. Sci.},
  volume    = {66},
  number    = {3},
  pages     = {289--297},
  year      = {1989},
  url       = {http://dx.doi.org/10.1016/0304-3975(89)90155-2},
  doi       = {10.1016/0304-3975(89)90155-2},
  timestamp = {Wed, 07 Sep 2011 12:13:22 +0200},
  biburl    = {http://dblp.uni-trier.de/rec/bib/journals/tcs/JacopiniM89},
  bibsource = {dblp computer science bibliography, http://dblp.org}
}




@Inbook{kalimullin03permutations,
author="Kalimullin, Iskander",
chapter="On Primitive Recursive Permutations",
title="Computability and Models: Perspectives East and West",
year="2003",
publisher="Springer",
pages="249--258",
isbn="978-1-4615-0755-0",
doi="10.1007/978-1-4615-0755-0_10",
url="http://dx.doi.org/10.1007/978-1-4615-0755-0_10"
}




@book{kleene1952introduction,
  title={Introduction to Metamathematics},
  author={Kleene, S.C.},
  isbn={9780720421033},
  lccn={70097931},
  series={Bibliotheca Mathematica},
  url={http://books.google.it/books?id=O28-AQAAIAAJ},
  year={1952},
  publisher={Wolters-Noordhoff}
}


@Article{koz1972ail,
author="Koz'minykh, V. V.",
title="On the representation of partial recursive functions as superpositions",
journal="Algebra and Logic",
year="1972",
volume="11",
number="3",
pages="153--167",
issn="1573-8302",
doi="10.1007/BF02218610",
url="http://dx.doi.org/10.1007/BF02218610",
}

@Article{koz1974ail,
author="Koz'minykh, V. V.",
title="Representation of partial recursive functions with certain conditions in the form of superpositions",
journal="Algebra and Logic",
volume="13",
number="4",
pages="238--240",
issn="1573-8302",
doi="10.1007/BF01463140",
url="http://dx.doi.org/10.1007/BF01463140",
year=1974,
}

@Article{kuznecov50sssr,
  author = 	 {Kuznecov, A. V.},
  title = 	 {On primitive recursive functions of large oscillation},
  journal = 	 {Doklady Akademii Nauk SSSR},
  year = 	 1950,
  volume = 	 71,
  pages = 	 {233--236},
  note = 	 {In russian.}
 }

@article{Lafont2003257,
title = "Towards an algebraic theory of Boolean circuits",
journal = "Journal of Pure and Applied Algebra",
volume = "184",
number = "2--3",
pages = "257--310",
year = "2003",
note = "",
issn = "0022-4049",
doi = "http://dx.doi.org/10.1016/S0022-4049(03)00069-0",
url = "http://www.sciencedirect.com/science/article/pii/S0022404903000690",
author = "Yves Lafont"
}


@InProceedings{lafont1995rta,
author="Lafont, Yves",
editor="Comon, Hubert
and Jounnaud, Jean-Pierre",
title="Equational reasoning with 2-dimensional diagrams",
booktitle="Term Rewriting",
year="1995",
publisher="Springer Berlin Heidelberg",
address="Berlin, Heidelberg",
pages="170--195",
abstract="The significance of the 2-dimensional calculus, which goes back to Penrose, has already been pointed out by Joyal and Street. Independently, Burroni has introduced a general notion of n-dimensional presentation and he has shown that the equational logic of terms is a special case of 2-dimensional calculus.",
isbn="978-3-540-49237-5"
}



@incollection{lafont2013sc,
  TITLE = {{Diagram rewriting and operads}},
  AUTHOR = {Lafont, Yves},
  URL = {https://hal.archives-ouvertes.fr/hal-01326981},
  BOOKTITLE = {{Operads 2009}},
  PUBLISHER = {{Soc. Math. France}},
  SERIES = {S{\'e}minaires et Congr{\`e}s},
  VOLUME = {26},
  PAGES = {163-179},
  YEAR = {2013},
  HAL_ID = {hal-01326981},
  HAL_VERSION = {v1},
}


@article{landauer1961ibm,
 author = {Landauer, Rolf},
 title = {Irreversibility and Heat Generation in the Computing Process},
 journal = {IBM J. Res. Dev.},
 volume = {5},
 number = {3},
 year = {1961},
 issn = {0018-8646},
 pages = {183--191},
} 



@book{lane1998categories,
  title={Categories for the Working Mathematician},
  author={Mac Lane, Saunders},
  isbn=9780387984032,
  lccn=97045229,
  series={Graduate Texts in Mathematics},
  url={https://books.google.it/books?id=eBvhyc4z8HQC},
  year=1998,
  publisher={Springer New York}
}


@book{lane1999algebra,
  title={Algebra},
  author={Mac Lane, Saunders and Birkhoff, G.},
  isbn={9780821816462},
  lccn={87071728},
  series={Chelsea Publishing Series},
  url={http://books.google.it/books?id=L6FENd8GHIUC},
  year={1999},
  publisher={Chelsea Publishing Company}
}


@article {Lawvere1506,
	author = {Lawvere, F. William},
	title = {AN ELEMENTARY THEORY OF THE CATEGORY OF SETS},
	volume = {52},
	number = {6},
	pages = {1506--1511},
	year = {1964},
	publisher = {National Academy of Sciences},
	issn = {0027-8424},
	URL = {http://www.pnas.org/content/52/6/1506},
	eprint = {http://www.pnas.org/content/52/6/1506.full.pdf},
	journal = {Proceedings of the National Academy of Sciences}
}


@Article{lecerf63,
  author = 	 {Lecerf, Yves},
  title = 	 {Machines de Turing r{\'e}versibles},
  journal = 	 {Comptes Rendus Hebdomadaires des S{\'e}ances de L'acad{\'e}mie des Sciences},
  year = 	 1963,
  volume = 	 257,
  pages = 	 {2597--2600}
}


@article {li1996royal,
	author = { Li, Ming and Vit\'{a}nyi, Paul },
	title = {Reversibility and adiabatic computation: trading time and space for energy},
	volume = 452,
	number = 1947,
	pages = {769--789},
	year = 1996,
	doi = {10.1098/rspa.1996.0039},
	publisher = {The Royal Society},
	issn = {1364-5021},
	URL = {http://rspa.royalsocietypublishing.org/content/452/1947/769},
	eprint = {http://rspa.royalsocietypublishing.org/content/452/1947/769.full.pdf},
	journal = {Proceedings of the Royal Society of London A: Mathematical, Physical and Engineering Sciences}
}


@article{li1998pdnp,
title = "Reversible simulation of irreversible computation",
journal = "Physica D: Nonlinear Phenomena",
volume = "120",
number = "1",
pages = "168 - 176",
year = "1998",
note = "Proceedings of the Fourth Workshop on Physics and Consumption",
issn = "0167-2789",
doi = "https://doi.org/10.1016/S0167-2789(98)00052-9",
url = "http://www.sciencedirect.com/science/article/pii/S0167278998000529",
author = "Li, Ming and  Tromp, John and Vit\'{a}nyi, Paul"
}


@unpublished{Lutz86,
	author    = {Christopher Lutz},
	title     = {Janus: a time-reversible language},
	note      = {{\it Letter to R.\ Landauer}.},
	year      = {1986},
}

@Book{malcev70book,
  author = 	 { Mal'cev, Anatoly Ivanovich},
  title = 	 {Algorithms and recursive functions},
  publisher = 	 {Wolters-Noordhoff},
  year = 	 1970,
  note = 	 {Translated from the first Russian ed. by Leo F. Boron, with the collaboration of Luis E. Sanchis, John Stillwell and Kiyoshi Iseki}}


@article{matos03tcs,
  author    = { Matos, Armando B.},
  title     = {Linear programs in a simple reversible language},
  journal   = {Theor. Comput. Sci.},
  volume    = {290},
  number    = {3},
  pages     = {2063--2074},
  year      = {2003},
  url       = {http://dx.doi.org/10.1016/S0304-3975(02)00486-3},
  doi       = {10.1016/S0304-3975(02)00486-3},
  timestamp = {Wed, 07 Sep 2011 12:13:21 +0200},
  biburl    = {http://dblp.uni-trier.de/rec/bib/journals/tcs/Matos03},
  bibsource = {dblp computer science bibliography, http://dblp.org}
}





@Unpublished{matos2016notes,
  author = 	 {Matos, Armando B.},
  title = 	 {Register reversible languages},
  note = 	 {\newline Available at {\tt http://www.dcc.fc.up.pt/\textasciitilde acm/questionsv.pdf}},
  month = 	 {January},
  year = 	 2016}

@incollection{McC56,
author = {McCarthy, John},
title = {The Inversion of Functions Defined by Turing Machines},
booktitle = {Automata Studies, Annals of Mathematical Studies},
series =34,
editor = {Shannon, C.E. and   McCarthy, J.},
publisher = {Princeton University Press},
pages = {177--181},
year = 1956
}




@inproceedings{meyer1967acm,
 author = {Meyer, Albert R. and Ritchie, Dennis M.},
 title = {The Complexity of Loop Programs},
 booktitle = {Proceedings of the 1967 22Nd National Conference},
 series = {ACM '67},
 year = {1967},
 location = {Washington, D.C., USA},
 pages = {465--469},
 numpages = {5},
 url = {http://doi.acm.org/10.1145/800196.806014},
 doi = {10.1145/800196.806014},
 acmid = {806014},
 publisher = {ACM},
 address = {New York, NY, USA},
} 




@article{Morita2008101,
title = "Reversible computing and cellular automata -- A survey ",
journal = "Theoretical Computer Science ",
volume = "395",
number = "1",
pages = "101 - 131",
year = "2008",
note = "",
issn = "0304-3975",
doi = "http://dx.doi.org/10.1016/j.tcs.2008.01.041",
url = "http://www.sciencedirect.com/science/article/pii/S030439750800100X",
author = "Kenichi Morita",
keywords = "Reversible logic element",
keywords = "Reversible Turing machine",
keywords = "Reversible cellular automata",
keywords = "Computation-universality "
}

@book{Morita17,
  author    = {Kenichi Morita},
  title     = {Theory of Reversible Computing},
  series    = {Monographs in Theoretical Computer Science. An {EATCS} Series},
  publisher = {Springer},
  year      = {2017},
  url       = {https://doi.org/10.1007/978-4-431-56606-9},
  doi       = {10.1007/978-4-431-56606-9},
  isbn      = {978-4-431-56604-5},
  timestamp = {Fri, 27 Mar 2020 08:31:50 +0100},
  biburl    = {https://dblp.org/rec/series/eatcs/Morita17.bib},
  bibsource = {dblp computer science bibliography, https://dblp.org}
}

@InCollection{morozov98handbook,
  author = 	 {Morozov, Andrei S.},
  title = 	 {Groups of computable automorphisms},
  booktitle = 	 {Handbook of Recursive Mathematics, vol. 1},
  publisher = {Elsevier},
  year = 	 1998,
  editor = 	 { Ershov, Yu.L. and  Goncharov, S.S. and Nerode, A. and Remmel, J.B. and  Marek, V.W.},
  pages = 	 {311—345}}


@book{nielsen2011book,
 author = {Nielsen, Michael A. and Chuang, Isaac L.},
 title = {Quantum Computation and Quantum Information: 10th Anniversary Edition},
 year = {2011},
 isbn = {1107002176, 9781107002173},
 edition = {10th},
 publisher = {Cambridge University Press},
 address = {New York, NY, USA},
} 



@book{odifreddi1989book,
  title={Classical recursion theory: the theory of functions and sets of natural numbers},
  author={Odifreddi, P.},
  isbn={9780444872951},
  lccn={88033481},
  series={Studies in logic and the foundations of mathematics},
  url={https://books.google.it/books?id=Mt3uAAAAMAAJ},
  year={1989},
  publisher={North-Holland}
}


@Article{paolini2017ngc,
author="Paolini, Luca
and Piccolo, Mauro
and Roversi, Luca",
title="On a Class of Reversible Primitive Recursive Functions and Its Turing-Complete Extensions",
journal="New Generation Computing",
year="2018",
month="Jul",
day="01",
volume="36",
number="3",
pages="233--256",
abstract="Reversible computing is both forward and backward deterministic. This means that a uniquely determined step exists from the previous computational configuration (backward determinism) to the next one (forward determinism) and vice versa. We present the reversible primitive recursive functions (RPRF), a class of reversible (endo-)functions over natural numbers which allows to capture interesting extensional aspects of reversible computation in a formalism quite close to that of classical primitive recursive functions. The class RPRF can express bijections over integers (not only natural numbers), is expressive enough to admit an embedding of the primitive recursive functions and, of course, its evaluation is effective. We also extend RPRF to obtain a new class of functions which are effective and Turing complete, and represent all Kleene's {\$}{\$}{\backslash}upmu {\$}{\$}$\mu$-recursive functions. Finally, we consider reversible recursion schemes that lead outside the reversible endo-functions.",
issn="1882-7055",
doi="10.1007/s00354-018-0039-1",
url="https://doi.org/10.1007/s00354-018-0039-1"
}




@article{PaoliniPiccoloRoversiICTCS2015,
  number = {18605},
  volume = {322},
  author = {Paolini, Luca and Piccolo, Mauro and Roversi, Luca},
  url = {http://dx.doi.org/10.1016/j.entcs.2016.03.016},
  title = {A Class of Reversible Primitive Recursive Functions},
  pages = {227--242},
  journal = {Electronic Notes in Theoretical Computer Science},
  doi = {10.1016/j.entcs.2016.03.016},
  year = {2016},
}


@inproceedings{paolini2017lipics,
  volume = {69},
  author = {Luca Paolini and Mauro Piccolo and Luca Roversi},
  series = {LIPIcs},
  booktitle = {{TYPES 2015} postproceedings},
  editor = {Tarmo Uustalu},
  url = {http://drops.dagstuhl.de/opus/institut_lipics.php?fakultaet=04},
  abstract = {We advance in the study of the semantics of Janus, i.e.\ a C-like
              reversible programming language. Our study makes utterly explicit
              some backward and forward evaluation symmetries. We want to deepen
              mathematical knowledge about the foundations and design principles
              of reversible computing and programming languages. We formalize a
              big-step operational semantics and a denotational semantics of
              Janus. We show a full abstraction result between the operational
              and denotational semantics. Last, we certify our results by means
              of the proof assistant Matita.},
  tag = {{LIPIcs}},
  title = {A certified study of a reversible programming language},
  localfile = {http://www.di.unito.it/~paolini/papers/2015types.pdf},
  publisher = {Schloss Dagstuhl - Leibniz-Zentrum fuer Informatik, Germany},
  year = 2017,
}

@article{PAOLINI2020218,
title = {A class of Recursive Permutations which is Primitive Recursive complete},
journal = {Theoretical Computer Science},
volume = {813},
pages = {218-233},
year = {2020},
issn = {0304-3975},
doi = {https://doi.org/10.1016/j.tcs.2019.11.029},
url = {https://www.sciencedirect.com/science/article/pii/S0304397519307558},
author = {Luca Paolini and Mauro Piccolo and Luca Roversi},
keywords = {Reversible computation, Unconventional computing models, Computable permutations, Primitive recursive functions, Recursion theory},
abstract = {We focus on total functions in the theory of reversible computational models. We define a class of recursive permutations, dubbed Reversible Primitive Permutations (RPP) which are computable invertible total endo-functions on integers, so a subset of total reversible computations. RPP is generated from five basic functions (identity, sign-change, successor, predecessor, swap), two notions of composition (sequential and parallel), one functional iteration and one functional selection. RPP is closed by inversion and it is expressive enough to encode Cantor pairing and the whole class of Primitive Recursive Functions.}
}

@book{perumalla2013chc, 
  title={Introduction to Reversible Computing},
  author={Perumalla,  Kalyan S.},
  isbn={9781439873403},
  lccn={2013028511},
  series={Chapman \& Hall/CRC Computational Science},
  url={http://books.google.it/books?id=HUrGAAAAQBAJ},
  year={2013},
  publisher={Taylor \& Francis}
}


@book{peter1967book,
  title={Recursive functions},
  author={P{\'e}ter  Rozsa},
  lccn={68001679},
  url={http://books.google.it/books?id=yAnvAAAAMAAJ},
  year={1967},
  publisher={Academic Press}
}




@Article{robinson1950pams,
  author = 	 {Julia Robinson},
  title = 	 { General recursive functions},
  journal = 	 {Proceedings of the American Mathematical Society},
  year = 	 1950,
  volume = 	 1,
  pages = 	 {703-718}}

@book{rogers1967theory,
  title={Theory of recursive functions and effective computability},
  author={Rogers, H.},
  lccn={lc65025921},
  series={McGraw-Hill series in higher mathematics},
  url={https://books.google.fr/books?id=nAkzAAAAMAAJ},
  year={1967},
  publisher={McGraw-Hill}
}

@book{rosenberg2009book,
 author = {Rosenberg, Arnold L.},
 title = {The Pillars of Computation Theory: State, Encoding, Nondeterminism},
 year = {2009},
 isbn = {0387096388, 9780387096384},
 edition = {1st},
 publisher = {Springer Publishing Company, Incorporated},
} 



@article{severin2008jsl,
	publisher = {Association for Symbolic Logic},
	journal = {Journal of Symbolic Logic},
	author = {Daniel E. Severin},
	pages = {1122--1138},
	title = {Unary Primitive Recursive Functions},
	year = 2008,
	volume = 73,
	number = 4
}


@InProceedings{10.1007/978-3-540-27764-4_16,
	author="Mu, Shin-Cheng
	and Hu, Zhenjiang
	and Takeichi, Masato",
	editor="Kozen, Dexter",
	title="An Injective Language for Reversible Computation",
	booktitle="Mathematics of Program Construction",
	year="2004",
	publisher="Springer Berlin Heidelberg",
	address="Berlin, Heidelberg",
	pages="289--313",
	isbn="978-3-540-27764-4"
}



@unpublished{Simpson2009,
author = {Simpson, Stephen G.},
title = {Foundations of Mathematics},
date = {Accessed on 2015},
note = {Departement of Mathematics, University of Pennsylvania. \texttt{http://www.personal.psu.edu/t20/notes/fom.pdf}},
year = {2009},
}


@book{smorinski1991book,
   title = "Logical number theory. 1. , an introduction",
   author = "Smory{\'n}ski, Craig A.",
   series = "Universitext",
   publisher = "Springer-Verlag",
   address = "Berlin, New York",
   url = "http://opac.inria.fr/record=b1083621",
   isbn = "3-540-52236-0",
   year = 1991
}

@book{soare1987book,
  title={Recursively Enumerable Sets and Degrees: A Study of Computable Functions and Computably Generated Sets},
  author={Soare, R.I.},
  isbn={9783540152996},
  lccn={lc86033928},
  series={Perspectives in Mathematical Logic},
  url={http://books.google.it/books?id=9I7Pl00LU5gC},
  year={1987},
  publisher={Springer}
}


@book{Sudkamp1988,
  added-at = {2011-04-19T00:00:00.000+0200},
  author = {Sudkamp, Thomas},
  biburl = {http://www.bibsonomy.org/bibtex/2d4e8ab6bf9fb4c340e4a597ce7fa5951/dblp},
  interhash = {17f0cf7718cba575e8a5c365e2f5c4cc},
  intrahash = {d4e8ab6bf9fb4c340e4a597ce7fa5951},
  isbn = {978-0-201-15768-0},
  keywords = {dblp},
  pages = {I-XV, 1-441},
  publisher = {Addison-Wesley},
  series = {Addison-Wesley series in computer science},
  timestamp = {2011-04-29T15:26:59.000+0200},
  title = {Languages and machines - an introduction to the theory of computer science.},
  year = 1988
}



@Article{szilard29zp,
  author = 	 {Szilard, Leo},
  title = 	 {{\"U}ber die Entropieverminderung in einem thermodynamischen System bei Eingriffen intelligenter Wesen},
 journal = 	 {Zeitschrift für Physik},
  year = 	 1929,
  volume = 	 53,
  number = 	 {11-12},
  pages = 	 {840-856}}




@InProceedings{thomsen2015lncs,
  author="Thomsen, Michael Kirkedal
and Kaarsgaard, Robin
and Soeken, Mathias",
  title = 	 {Ricercar: A Language for Describing and Rewriting Reversible Circuits with Ancillae and Its Permutation Semantics},
  booktitle = {Reversible Computation: 7th International Conference, RC 2015, Grenoble, France, July 16-17, 2015, Proceedings},
  year = 	 2015,
  editor = 	 {Krivine, Jean
and Stefani, Jean-Bernard},
  number = 	 9138,
  series = 	 {Lecture Notes in Theoretical Computer Science},
  pages = 	 {200--215},
  doi="10.1007/978-3-319-20860-2_13",
}


@inproceedings{toffoli80lncs,
  author    = {Tommaso Toffoli},
  title     = {Reversible Computing},
  pages     = {632-644},
  editor    = {J. W. de Bakker and
               Jan van Leeuwen},
  booktitle     = {Automata, Languages and Programming, 7th Colloquium, Noordweijkerhout,
               The Netherland, July 14-18, 1980, Proceedings},
  publisher = {Springer},
  series    = {Lecture Notes in Computer Science},
  volume    = {85},
  year      = {1980},
  isbn      = {3-540-10003-2},
}

@article{TOFFOLI1977213,
title = "Computation and construction universality of reversible cellular automata",
journal = "Journal of Computer and System Sciences",
volume = "15",
number = "2",
pages = "213 - 231",
year = "1977",
issn = "0022-0000",
doi = "http://dx.doi.org/10.1016/S0022-0000(77)80007-X",
url = "http://www.sciencedirect.com/science/article/pii/S002200007780007X",
author = "Tommaso Toffoli"
}


@article{TOFFOLIPhysica84,
title = "Cellular Automata as an Alternative to (Rather than an Approximation of) Differential Equations in Modelling Physics",
journal = "Physica D Nonlinear Phenomena",
volume = "10",
number = "1-2",
pages = "117 --- 127",
year = "1984",
month = "January",
doi = "10.1016/0167-2789(84)90254-9",
author = "Tommaso Toffoli"
}



@inproceedings{Yokoyama:2007:RPL:1244381.1244404,
	author = {Yokoyama, Tetsuo and Gl\"{u}ck, Robert},
	title = {A Reversible Programming Language and Its Invertible Self-interpreter},
	booktitle = {Proceedings of the 2007 ACM SIGPLAN Symposium on Partial Evaluation and Semantics-based Program Manipulation},
	series = {PEPM '07},
	year = {2007},
	isbn = {978-1-59593-620-2},
	location = {Nice, France},
	pages = {144--153},
	numpages = {10},
	url = {http://doi.acm.org/10.1145/1244381.1244404},
	doi = {10.1145/1244381.1244404},
	acmid = {1244404},
	publisher = {ACM},
	address = {New York, NY, USA},
	keywords = {Janus, non-standard interpreter hierarchy, program inversion, reversible computing, reversible programming language, self-interpreter},
} 

@inproceedings{yokoyama08acm,
  author    = {Tetsuo Yokoyama and
               Holger Bock Axelsen and
               Robert Gl{\"u}ck},
  title     = {Principles of a reversible programming language},
  pages     = {43-54},
  editor    = {Alex Ram\'{\i}rez and
               Gianfranco Bilardi and
               Michael Gschwind},
  booktitle     = {Proceedings of the 5th Conference on Computing Frontiers,
               2008, Ischia, Italy, May 5-7, 2008},
  publisher = {ACM},
  year      = {2008},
  isbn      = {978-1-60558-077-7},
}


@inproceedings{DBLP:conf/rc/YokoyamaAG11,
	author    = {Tetsuo Yokoyama and
	Holger Bock Axelsen and
	Robert Gl{\"{u}}ck},
	title     = {Towards a Reversible Functional Language},
	booktitle = {Reversible Computation - Third International Workshop, {RC} 2011,
	Gent, Belgium, July 4-5, 2011. Revised Papers},
	pages     = {14--29},
	year      = {2011},
	crossref  = {DBLP:conf/rc/2011},
	url       = {https://doi.org/10.1007/978-3-642-29517-1_2},
	doi       = {10.1007/978-3-642-29517-1_2},
	timestamp = {Sat, 16 Sep 2017 12:11:14 +0200},
	biburl    = {https://dblp.org/rec/bib/conf/rc/YokoyamaAG11},
	bibsource = {dblp computer science bibliography, https://dblp.org}
}

@proceedings{DBLP:conf/rc/2011,
	editor    = {Alexis De Vos and
	Robert Wille},
	title     = {Reversible Computation - Third International Workshop, {RC} 2011,
	Gent, Belgium, July 4-5, 2011. Revised Papers},
	series    = {Lecture Notes in Computer Science},
	volume    = {7165},
	publisher = {Springer},
	year      = {2012},
	url       = {https://doi.org/10.1007/978-3-642-29517-1},
	doi       = {10.1007/978-3-642-29517-1},
	isbn      = {978-3-642-29516-4},
	timestamp = {Mon, 05 Jun 2017 12:42:54 +0200},
	biburl    = {https://dblp.org/rec/bib/conf/rc/2011},
	bibsource = {dblp computer science bibliography, https://dblp.org}
}


@Article{zenil12info,
  author = 	 {Zenil, Hector},
  title = 	 {Information Theory and Computational Thermodynamics: Lessons for Biology from Physics},
  journal = 	 {Information},
  year = 	 2012,
  volume = 	 3,
  number = 	 4,
  pages = 	 {739-750}}

@Article{zorzi14mscs,
  author = 	 {Margherita Zorzi},
  title = 	 {On Quantum Lambda Calculi: a Foundational Perspective},
  journal = 	 {Mathematical Structures in Computer Science},
  year = 	 2014,
  note = 	 {http://dx.doi.org/10.1017/S0960129514000425}}


